@article{NLU,
	title = {Natural Language Generation: An Overview},
	author = {Paul Semaan},
 	 journal={Journal of Computer Science \& Research (JCSCR)},
  	volume={1},
 	 number={3},
 	 pages={50-57},
  	year={2012}
}

@book{berrehili,
author = {Berrehili, Fatima Zahra and Belmekki, Abdelhamid},
year = {2017},
month = {11},
pages = {163-175},
title = {Privacy Preservation in the Internet of Things},
volume = {397},
isbn = {978-981-10-1626-4},
doi = {10.1007/978-981-10-1627-1_13}
}

@article{liu,
  author={Liu, Jiajia and Sun, Wen},
  journal={IEEE Communications Magazine}, 
  title={Smart Attacks against Intelligent Wearables in People-Centric Internet of Things}, 
  year={2016},
  volume={54},
  number={12},
  pages={44-49},
  doi={10.1109/MCOM.2016.1600553CM}}